11222222451122222245112222224511222222451122222245
13333333451333333345133333334513333333451333333345
23333333452333333345233333334523333333452333333345
44444444454444444445444444444544444444454444444445
55555555555555555555555555555555555555555555555555
22245112222224511222222451122222245112222224511222
33345133333334513333333451333333345133333334513333
33345233333334523333333452333333345233333334523333
44445444444444544444444454444444445444444444544444
55555555555555555555555555555555555555555555555555
11222222451122222245112222224511222222451122222245
13333333451333333345133333334513333333451333333345
23333333452333333345233333334523333333452333333345
44444444454444444445444444444544444444454444444445
55555555555555555555555555555555555555555555555555
22245112222224511222222451122222245112222224511222
33345133333334513333333451333333345133333334513333
33345233333334523333333452333333345233333334523333
44445444444444544444444454444444445444444444544444
55555555555555555555555555555555555555555555555555
11222222451122222245112222224511222222451122222245
13333333451333333345133333334513333333451333333345
23333333452333333345233333334523333333452333333345
44444444454444444445444444444544444444454444444445
55555555555555555555555555555555555555555555555555
22245112222224511222222451122222245112222224511222
33345133333334513333333451333333345133333334513333
33345233333334523333333452333333345233333334523333
44445444444444544444444454444444445444444444544444
55555555555555555555555555555555555555555555555555
11222222451122222245112222224511222222451122222245
13333333451333333345133333334513333333451333333345
23333333452333333345233333334523333333452333333345
44444444454444444445444444444544444444454444444445
55555555555555555555555555555555555555555555555555
22245112222224511222222451122222245112222224511222
33345133333334513333333451333333345133333334513333
33345233333334523333333452333333345233333334523333
44445444444444544444444454444444445444444444544444
55555555555555555555555555555555555555555555555555
11222222451122222245112222224511222222451122222245
13333333451333333345133333334513333333451333333345
23333333452333333345233333334523333333452333333345
44444444454444444445444444444544444444454444444445
55555555555555555555555555555555555555555555555555
22245112222224511222222451122222245112222224511222
33345133333334513333333451333333345133333334513333
33345233333334523333333452333333345233333334523333
44445444444444544444444454444444445444444444544444
55555555555555555555555555555555555555555555555555